<?xml version="1.0" encoding="UTF-8"?><collection xmlns="http://www.loc.gov/MARC21/slim"><record><leader>00373nam--2200121-i-4500</leader><controlfield tag="001">000045313</controlfield><controlfield tag="002">20161230</controlfield><controlfield tag="005">20161230201045</controlfield><controlfield tag="008">060222s1000------------r-----000-0-eng-d</controlfield><datafield ind1=" " ind2=" " tag="080"><subfield code="a">621.039.34</subfield></datafield><datafield ind1=" " ind2=" " tag="245"><subfield code="a">Transport von hochtemperatur-kernrektorwarme mittels chemisch gebundener energie. feasibility - studie</subfield></datafield><datafield ind1=" " ind2=" " tag="260"><subfield code="a">Julich, Kernforschungsanlage, 1974, 56p</subfield></datafield><datafield ind1=" " ind2=" " tag="852"><subfield code="a">42883</subfield></datafield></record></collection>